%YAML 1.1
%TAG !u! tag:unity3d.com,2011:
--- !u!1 &3766975719939829902
GameObject:
  m_ObjectHideFlags: 0
  m_CorrespondingSourceObject: {fileID: 0}
  m_PrefabInstance: {fileID: 0}
  m_PrefabAsset: {fileID: 0}
  serializedVersion: 6
  m_Component:
  - component: {fileID: 3766975719939829888}
  - component: {fileID: 3766975719939829889}
  - component: {fileID: 405855500131736186}
  - component: {fileID: 3766975719939829893}
  - component: {fileID: 4604786734355095212}
  - component: {fileID: 6089221414818794054}
  m_Layer: 0
  m_Name: Tower1
  m_TagString: Untagged
  m_Icon: {fileID: 0}
  m_NavMeshLayer: 0
  m_StaticEditorFlags: 0
  m_IsActive: 1
--- !u!4 &3766975719939829888
Transform:
  m_ObjectHideFlags: 0
  m_CorrespondingSourceObject: {fileID: 0}
  m_PrefabInstance: {fileID: 0}
  m_PrefabAsset: {fileID: 0}
  m_GameObject: {fileID: 3766975719939829902}
  m_LocalRotation: {x: 0, y: 0, z: 0, w: 1}
  m_LocalPosition: {x: 4.7550383, y: 0.98746777, z: 0}
  m_LocalScale: {x: 1, y: 1, z: 1}
  m_Children:
  - {fileID: 3766975721239747589}
  - {fileID: 3766975720120700413}
  - {fileID: 7568228740105715816}
  - {fileID: 1684005257855641877}
  m_Father: {fileID: 0}
  m_RootOrder: 0
  m_LocalEulerAnglesHint: {x: 0, y: 0, z: 0}
--- !u!212 &3766975719939829889
SpriteRenderer:
  m_ObjectHideFlags: 0
  m_CorrespondingSourceObject: {fileID: 0}
  m_PrefabInstance: {fileID: 0}
  m_PrefabAsset: {fileID: 0}
  m_GameObject: {fileID: 3766975719939829902}
  m_Enabled: 1
  m_CastShadows: 0
  m_ReceiveShadows: 0
  m_DynamicOccludee: 1
  m_MotionVectors: 1
  m_LightProbeUsage: 1
  m_ReflectionProbeUsage: 1
  m_RenderingLayerMask: 1
  m_RendererPriority: 0
  m_Materials:
  - {fileID: 10754, guid: 0000000000000000f000000000000000, type: 0}
  m_StaticBatchInfo:
    firstSubMesh: 0
    subMeshCount: 0
  m_StaticBatchRoot: {fileID: 0}
  m_ProbeAnchor: {fileID: 0}
  m_LightProbeVolumeOverride: {fileID: 0}
  m_ScaleInLightmap: 1
  m_PreserveUVs: 0
  m_IgnoreNormalsForChartDetection: 0
  m_ImportantGI: 0
  m_StitchLightmapSeams: 0
  m_SelectedEditorRenderState: 0
  m_MinimumChartSize: 4
  m_AutoUVMaxDistance: 0.5
  m_AutoUVMaxAngle: 89
  m_LightmapParameters: {fileID: 0}
  m_SortingLayerID: 0
  m_SortingLayer: 0
  m_SortingOrder: 6
  m_Sprite: {fileID: 21300000, guid: 80bea8f49202d6a4e9df4f94a716a0d6, type: 3}
  m_Color: {r: 1, g: 1, b: 1, a: 1}
  m_FlipX: 0
  m_FlipY: 0
  m_DrawMode: 0
  m_Size: {x: 0.98, y: 1.37}
  m_AdaptiveModeThreshold: 0.5
  m_SpriteTileMode: 0
  m_WasSpriteAssigned: 1
  m_MaskInteraction: 0
  m_SpriteSortPoint: 0
--- !u!60 &405855500131736186
PolygonCollider2D:
  m_ObjectHideFlags: 0
  m_CorrespondingSourceObject: {fileID: 0}
  m_PrefabInstance: {fileID: 0}
  m_PrefabAsset: {fileID: 0}
  m_GameObject: {fileID: 3766975719939829902}
  m_Enabled: 1
  m_Density: 1
  m_Material: {fileID: 0}
  m_IsTrigger: 0
  m_UsedByEffector: 0
  m_UsedByComposite: 0
  m_Offset: {x: 0, y: 0}
  m_SpriteTilingProperty:
    border: {x: 0, y: 0, z: 0, w: 0}
    pivot: {x: 0.54, y: 0.2}
    oldSize: {x: 2.5, y: 3.3333333}
    newSize: {x: 0.98, y: 1.37}
    adaptiveTilingThreshold: 0.5
    drawMode: 0
    adaptiveTiling: 0
  m_AutoTiling: 0
  m_Points:
    m_Paths:
    - - {x: 0.20833334, y: 0.32083336}
      - {x: -0.23333335, y: 0.32916668}
      - {x: -0.47500002, y: 0.12916668}
      - {x: -0.48333335, y: -0.19583334}
      - {x: -0.20000002, y: -0.39583334}
      - {x: 0.19166668, y: -0.39583334}
      - {x: 0.4416667, y: -0.16250001}
      - {x: 0.4166667, y: 0.1375}
--- !u!114 &3766975719939829893
MonoBehaviour:
  m_ObjectHideFlags: 0
  m_CorrespondingSourceObject: {fileID: 0}
  m_PrefabInstance: {fileID: 0}
  m_PrefabAsset: {fileID: 0}
  m_GameObject: {fileID: 3766975719939829902}
  m_Enabled: 1
  m_EditorHideFlags: 0
  m_Script: {fileID: 11500000, guid: a9eb1a45858f0c74ca7d1611ce40998b, type: 3}
  m_Name: 
  m_EditorClassIdentifier: 
  vida: 2000
  max_vida: 0
  precio: 50
  precioMejora: 100
  venta: 25
  contour: {fileID: 8758293220002684916}
  selected: 0
--- !u!70 &4604786734355095212
CapsuleCollider2D:
  m_ObjectHideFlags: 0
  m_CorrespondingSourceObject: {fileID: 0}
  m_PrefabInstance: {fileID: 0}
  m_PrefabAsset: {fileID: 0}
  m_GameObject: {fileID: 3766975719939829902}
  m_Enabled: 0
  m_Density: 1
  m_Material: {fileID: 0}
  m_IsTrigger: 1
  m_UsedByEffector: 0
  m_UsedByComposite: 0
  m_Offset: {x: 0, y: 0.5708333}
  m_Size: {x: 1, y: 2}
  m_Direction: 0
--- !u!50 &6089221414818794054
Rigidbody2D:
  serializedVersion: 4
  m_ObjectHideFlags: 0
  m_CorrespondingSourceObject: {fileID: 0}
  m_PrefabInstance: {fileID: 0}
  m_PrefabAsset: {fileID: 0}
  m_GameObject: {fileID: 3766975719939829902}
  m_BodyType: 1
  m_Simulated: 1
  m_UseFullKinematicContacts: 0
  m_UseAutoMass: 0
  m_Mass: 1
  m_LinearDrag: 0
  m_AngularDrag: 0.05
  m_GravityScale: 1
  m_Material: {fileID: 0}
  m_Interpolate: 0
  m_SleepingMode: 1
  m_CollisionDetection: 0
  m_Constraints: 0
--- !u!1 &3766975720120700410
GameObject:
  m_ObjectHideFlags: 0
  m_CorrespondingSourceObject: {fileID: 0}
  m_PrefabInstance: {fileID: 0}
  m_PrefabAsset: {fileID: 0}
  serializedVersion: 6
  m_Component:
  - component: {fileID: 3766975720120700413}
  m_Layer: 1
  m_Name: AttackPoint
  m_TagString: Untagged
  m_Icon: {fileID: 0}
  m_NavMeshLayer: 0
  m_StaticEditorFlags: 0
  m_IsActive: 1
--- !u!4 &3766975720120700413
Transform:
  m_ObjectHideFlags: 0
  m_CorrespondingSourceObject: {fileID: 0}
  m_PrefabInstance: {fileID: 0}
  m_PrefabAsset: {fileID: 0}
  m_GameObject: {fileID: 3766975720120700410}
  m_LocalRotation: {x: 0, y: 0, z: 0, w: 1}
  m_LocalPosition: {x: -0.426, y: 1.32, z: 0}
  m_LocalScale: {x: 1, y: 1, z: 1}
  m_Children: []
  m_Father: {fileID: 3766975719939829888}
  m_RootOrder: 1
  m_LocalEulerAnglesHint: {x: 0, y: 0, z: 0}
--- !u!1 &3766975721239747586
GameObject:
  m_ObjectHideFlags: 0
  m_CorrespondingSourceObject: {fileID: 0}
  m_PrefabInstance: {fileID: 0}
  m_PrefabAsset: {fileID: 0}
  serializedVersion: 6
  m_Component:
  - component: {fileID: 3766975721239747589}
  - component: {fileID: 3766975721239747591}
  - component: {fileID: 3766975721239747588}
  - component: {fileID: 3766975721239747705}
  m_Layer: 2
  m_Name: Area
  m_TagString: Untagged
  m_Icon: {fileID: 0}
  m_NavMeshLayer: 0
  m_StaticEditorFlags: 0
  m_IsActive: 1
--- !u!4 &3766975721239747589
Transform:
  m_ObjectHideFlags: 0
  m_CorrespondingSourceObject: {fileID: 0}
  m_PrefabInstance: {fileID: 0}
  m_PrefabAsset: {fileID: 0}
  m_GameObject: {fileID: 3766975721239747586}
  m_LocalRotation: {x: -0, y: -0, z: -0, w: 1}
  m_LocalPosition: {x: 0, y: 0, z: 0}
  m_LocalScale: {x: 8, y: 8, z: 1}
  m_Children: []
  m_Father: {fileID: 3766975719939829888}
  m_RootOrder: 0
  m_LocalEulerAnglesHint: {x: 0, y: 0, z: 0}
--- !u!212 &3766975721239747591
SpriteRenderer:
  m_ObjectHideFlags: 0
  m_CorrespondingSourceObject: {fileID: 0}
  m_PrefabInstance: {fileID: 0}
  m_PrefabAsset: {fileID: 0}
  m_GameObject: {fileID: 3766975721239747586}
  m_Enabled: 1
  m_CastShadows: 0
  m_ReceiveShadows: 0
  m_DynamicOccludee: 1
  m_MotionVectors: 1
  m_LightProbeUsage: 1
  m_ReflectionProbeUsage: 1
  m_RenderingLayerMask: 1
  m_RendererPriority: 0
  m_Materials:
  - {fileID: 10754, guid: 0000000000000000f000000000000000, type: 0}
  m_StaticBatchInfo:
    firstSubMesh: 0
    subMeshCount: 0
  m_StaticBatchRoot: {fileID: 0}
  m_ProbeAnchor: {fileID: 0}
  m_LightProbeVolumeOverride: {fileID: 0}
  m_ScaleInLightmap: 1
  m_PreserveUVs: 0
  m_IgnoreNormalsForChartDetection: 0
  m_ImportantGI: 0
  m_StitchLightmapSeams: 0
  m_SelectedEditorRenderState: 0
  m_MinimumChartSize: 4
  m_AutoUVMaxDistance: 0.5
  m_AutoUVMaxAngle: 89
  m_LightmapParameters: {fileID: 0}
  m_SortingLayerID: 0
  m_SortingLayer: 0
  m_SortingOrder: 3
  m_Sprite: {fileID: 21300000, guid: 99449e7c77be0ae47ad8fba61cbaa081, type: 3}
  m_Color: {r: 0.51326203, g: 1, b: 0, a: 0.19607843}
  m_FlipX: 0
  m_FlipY: 0
  m_DrawMode: 0
  m_Size: {x: 1, y: 0.984375}
  m_AdaptiveModeThreshold: 0.5
  m_SpriteTileMode: 0
  m_WasSpriteAssigned: 1
  m_MaskInteraction: 0
  m_SpriteSortPoint: 0
--- !u!60 &3766975721239747588
PolygonCollider2D:
  m_ObjectHideFlags: 0
  m_CorrespondingSourceObject: {fileID: 0}
  m_PrefabInstance: {fileID: 0}
  m_PrefabAsset: {fileID: 0}
  m_GameObject: {fileID: 3766975721239747586}
  m_Enabled: 1
  m_Density: 1
  m_Material: {fileID: 0}
  m_IsTrigger: 1
  m_UsedByEffector: 0
  m_UsedByComposite: 0
  m_Offset: {x: 0, y: 0}
  m_SpriteTilingProperty:
    border: {x: 0, y: 0, z: 0, w: 0}
    pivot: {x: 0.5, y: 0.25}
    oldSize: {x: 1, y: 0.984375}
    newSize: {x: 1, y: 0.984375}
    adaptiveTilingThreshold: 0.5
    drawMode: 0
    adaptiveTiling: 0
  m_AutoTiling: 0
  m_Points:
    m_Paths:
    - - {x: 0.25, y: -0.13671875}
      - {x: 0.296875, y: -0.08984375}
      - {x: 0.3125, y: -0.04296875}
      - {x: 0.3125, y: 0.03515625}
      - {x: 0.296875, y: 0.06640625}
      - {x: 0.28125, y: 0.09765625}
      - {x: 0.21875, y: 0.14453125}
      - {x: 0.15625, y: 0.17578125}
      - {x: 0.109375, y: 0.19140625}
      - {x: 0.0625, y: 0.19140625}
      - {x: -0.015625, y: 0.19140625}
      - {x: -0.0625, y: 0.19140625}
      - {x: -0.109375, y: 0.19140625}
      - {x: -0.140625, y: 0.17578125}
      - {x: -0.171875, y: 0.16015625}
      - {x: -0.21875, y: 0.14453125}
      - {x: -0.28125, y: 0.08203125}
      - {x: -0.3125, y: 0.05078125}
      - {x: -0.3125, y: -0.02734375}
      - {x: -0.3125, y: -0.05859375}
      - {x: -0.28125, y: -0.10546875}
      - {x: -0.21875, y: -0.15234375}
      - {x: -0.1875, y: -0.16796875}
      - {x: -0.125, y: -0.18359375}
      - {x: -0.09375, y: -0.19921875}
      - {x: -0.046875, y: -0.19921875}
      - {x: 0.046875, y: -0.19921875}
      - {x: 0.109375, y: -0.19921875}
      - {x: 0.15625, y: -0.18359375}
      - {x: 0.1875, y: -0.16796875}
      - {x: 0.21875, y: -0.15234375}
--- !u!114 &3766975721239747705
MonoBehaviour:
  m_ObjectHideFlags: 0
  m_CorrespondingSourceObject: {fileID: 0}
  m_PrefabInstance: {fileID: 0}
  m_PrefabAsset: {fileID: 0}
  m_GameObject: {fileID: 3766975721239747586}
  m_Enabled: 1
  m_EditorHideFlags: 0
  m_Script: {fileID: 11500000, guid: 153673b2fb0601f469287a648f985d60, type: 3}
  m_Name: 
  m_EditorClassIdentifier: 
  cola: []
  objetivo: {fileID: 0}
  proyectilPrefab: {fileID: 8569824098298844716, guid: d613262c2131adb43974eedb532c54bf,
    type: 3}
  damage: 75
  cool_down: 1
  shootTransform: {fileID: 3766975720120700413}
  attacking: 0
--- !u!1 &8758293220002684916
GameObject:
  m_ObjectHideFlags: 0
  m_CorrespondingSourceObject: {fileID: 0}
  m_PrefabInstance: {fileID: 0}
  m_PrefabAsset: {fileID: 0}
  serializedVersion: 6
  m_Component:
  - component: {fileID: 7568228740105715816}
  - component: {fileID: 5122316662681321423}
  - component: {fileID: 4144139410684697587}
  - component: {fileID: 5420879912689591155}
  - component: {fileID: 8193424147439458202}
  m_Layer: 4
  m_Name: Contour
  m_TagString: Untagged
  m_Icon: {fileID: 0}
  m_NavMeshLayer: 0
  m_StaticEditorFlags: 0
  m_IsActive: 1
--- !u!4 &7568228740105715816
Transform:
  m_ObjectHideFlags: 0
  m_CorrespondingSourceObject: {fileID: 0}
  m_PrefabInstance: {fileID: 0}
  m_PrefabAsset: {fileID: 0}
  m_GameObject: {fileID: 8758293220002684916}
  m_LocalRotation: {x: 0, y: 0, z: 0, w: 1}
  m_LocalPosition: {x: 0, y: 0, z: 0}
  m_LocalScale: {x: 1, y: 1, z: 1}
  m_Children: []
  m_Father: {fileID: 3766975719939829888}
  m_RootOrder: 2
  m_LocalEulerAnglesHint: {x: 0, y: 0, z: 0}
--- !u!212 &5122316662681321423
SpriteRenderer:
  m_ObjectHideFlags: 0
  m_CorrespondingSourceObject: {fileID: 0}
  m_PrefabInstance: {fileID: 0}
  m_PrefabAsset: {fileID: 0}
  m_GameObject: {fileID: 8758293220002684916}
  m_Enabled: 1
  m_CastShadows: 0
  m_ReceiveShadows: 0
  m_DynamicOccludee: 1
  m_MotionVectors: 1
  m_LightProbeUsage: 1
  m_ReflectionProbeUsage: 1
  m_RenderingLayerMask: 1
  m_RendererPriority: 0
  m_Materials:
  - {fileID: 10754, guid: 0000000000000000f000000000000000, type: 0}
  m_StaticBatchInfo:
    firstSubMesh: 0
    subMeshCount: 0
  m_StaticBatchRoot: {fileID: 0}
  m_ProbeAnchor: {fileID: 0}
  m_LightProbeVolumeOverride: {fileID: 0}
  m_ScaleInLightmap: 1
  m_PreserveUVs: 0
  m_IgnoreNormalsForChartDetection: 0
  m_ImportantGI: 0
  m_StitchLightmapSeams: 0
  m_SelectedEditorRenderState: 0
  m_MinimumChartSize: 4
  m_AutoUVMaxDistance: 0.5
  m_AutoUVMaxAngle: 89
  m_LightmapParameters: {fileID: 0}
  m_SortingLayerID: 0
  m_SortingLayer: 0
  m_SortingOrder: 3
  m_Sprite: {fileID: 21300000, guid: c505d8a72d24d574e9bc0c35958ca405, type: 3}
  m_Color: {r: 1, g: 1, b: 1, a: 1}
  m_FlipX: 0
  m_FlipY: 0
  m_DrawMode: 0
  m_Size: {x: 1.6333333, y: 2.2833333}
  m_AdaptiveModeThreshold: 0.5
  m_SpriteTileMode: 0
  m_WasSpriteAssigned: 1
  m_MaskInteraction: 0
  m_SpriteSortPoint: 0
--- !u!114 &4144139410684697587
MonoBehaviour:
  m_ObjectHideFlags: 0
  m_CorrespondingSourceObject: {fileID: 0}
  m_PrefabInstance: {fileID: 0}
  m_PrefabAsset: {fileID: 0}
  m_GameObject: {fileID: 8758293220002684916}
  m_Enabled: 1
  m_EditorHideFlags: 0
  m_Script: {fileID: 11500000, guid: 3ad97fd87a23aac4d8b87539f6cfd325, type: 3}
  m_Name: 
  m_EditorClassIdentifier: 
  torreMejorada: {fileID: 8249112785741861841, guid: 0db6c169a2e70ac46b0a3629732baccd,
    type: 3}
--- !u!70 &5420879912689591155
CapsuleCollider2D:
  m_ObjectHideFlags: 0
  m_CorrespondingSourceObject: {fileID: 0}
  m_PrefabInstance: {fileID: 0}
  m_PrefabAsset: {fileID: 0}
  m_GameObject: {fileID: 8758293220002684916}
  m_Enabled: 1
  m_Density: 1
  m_Material: {fileID: 0}
  m_IsTrigger: 1
  m_UsedByEffector: 0
  m_UsedByComposite: 0
  m_Offset: {x: 0, y: 0.56373596}
  m_Size: {x: 1, y: 1.9369507}
  m_Direction: 0
--- !u!50 &8193424147439458202
Rigidbody2D:
  serializedVersion: 4
  m_ObjectHideFlags: 0
  m_CorrespondingSourceObject: {fileID: 0}
  m_PrefabInstance: {fileID: 0}
  m_PrefabAsset: {fileID: 0}
  m_GameObject: {fileID: 8758293220002684916}
  m_BodyType: 1
  m_Simulated: 1
  m_UseFullKinematicContacts: 0
  m_UseAutoMass: 0
  m_Mass: 1
  m_LinearDrag: 0
  m_AngularDrag: 0.05
  m_GravityScale: 1
  m_Material: {fileID: 0}
  m_Interpolate: 0
  m_SleepingMode: 1
  m_CollisionDetection: 0
  m_Constraints: 0
--- !u!1001 &934786153179350562
PrefabInstance:
  m_ObjectHideFlags: 0
  serializedVersion: 2
  m_Modification:
    m_TransformParent: {fileID: 3766975719939829888}
    m_Modifications:
    - target: {fileID: 6810116416840760398, guid: 9ef590773b62b2848943e62d9e4b7ce6,
        type: 3}
      propertyPath: m_Name
      value: VidaGuay
      objectReference: {fileID: 0}
    - target: {fileID: 6810116416840760398, guid: 9ef590773b62b2848943e62d9e4b7ce6,
        type: 3}
      propertyPath: m_Layer
      value: 5
      objectReference: {fileID: 0}
    - target: {fileID: 1992788759918522167, guid: 9ef590773b62b2848943e62d9e4b7ce6,
        type: 3}
      propertyPath: m_LocalPosition.x
      value: 0
      objectReference: {fileID: 0}
    - target: {fileID: 1992788759918522167, guid: 9ef590773b62b2848943e62d9e4b7ce6,
        type: 3}
      propertyPath: m_LocalPosition.y
      value: 0
      objectReference: {fileID: 0}
    - target: {fileID: 1992788759918522167, guid: 9ef590773b62b2848943e62d9e4b7ce6,
        type: 3}
      propertyPath: m_LocalPosition.z
      value: 0
      objectReference: {fileID: 0}
    - target: {fileID: 1992788759918522167, guid: 9ef590773b62b2848943e62d9e4b7ce6,
        type: 3}
      propertyPath: m_LocalRotation.x
      value: 0
      objectReference: {fileID: 0}
    - target: {fileID: 1992788759918522167, guid: 9ef590773b62b2848943e62d9e4b7ce6,
        type: 3}
      propertyPath: m_LocalRotation.y
      value: 0
      objectReference: {fileID: 0}
    - target: {fileID: 1992788759918522167, guid: 9ef590773b62b2848943e62d9e4b7ce6,
        type: 3}
      propertyPath: m_LocalRotation.z
      value: 0
      objectReference: {fileID: 0}
    - target: {fileID: 1992788759918522167, guid: 9ef590773b62b2848943e62d9e4b7ce6,
        type: 3}
      propertyPath: m_LocalRotation.w
      value: 1
      objectReference: {fileID: 0}
    - target: {fileID: 1992788759918522167, guid: 9ef590773b62b2848943e62d9e4b7ce6,
        type: 3}
      propertyPath: m_RootOrder
      value: 3
      objectReference: {fileID: 0}
    - target: {fileID: 1992788759918522167, guid: 9ef590773b62b2848943e62d9e4b7ce6,
        type: 3}
      propertyPath: m_LocalEulerAnglesHint.x
      value: 0
      objectReference: {fileID: 0}
    - target: {fileID: 1992788759918522167, guid: 9ef590773b62b2848943e62d9e4b7ce6,
        type: 3}
      propertyPath: m_LocalEulerAnglesHint.y
      value: 0
      objectReference: {fileID: 0}
    - target: {fileID: 1992788759918522167, guid: 9ef590773b62b2848943e62d9e4b7ce6,
        type: 3}
      propertyPath: m_LocalEulerAnglesHint.z
      value: 0
      objectReference: {fileID: 0}
    - target: {fileID: 1992788759918522167, guid: 9ef590773b62b2848943e62d9e4b7ce6,
        type: 3}
      propertyPath: m_AnchoredPosition.x
      value: 0.12
      objectReference: {fileID: 0}
    - target: {fileID: 1992788759918522167, guid: 9ef590773b62b2848943e62d9e4b7ce6,
        type: 3}
      propertyPath: m_AnchoredPosition.y
      value: 1.7
      objectReference: {fileID: 0}
    - target: {fileID: 1992788759918522167, guid: 9ef590773b62b2848943e62d9e4b7ce6,
        type: 3}
      propertyPath: m_SizeDelta.x
      value: 100
      objectReference: {fileID: 0}
    - target: {fileID: 1992788759918522167, guid: 9ef590773b62b2848943e62d9e4b7ce6,
        type: 3}
      propertyPath: m_SizeDelta.y
      value: 100
      objectReference: {fileID: 0}
    - target: {fileID: 1992788759918522167, guid: 9ef590773b62b2848943e62d9e4b7ce6,
        type: 3}
      propertyPath: m_AnchorMin.x
      value: 0
      objectReference: {fileID: 0}
    - target: {fileID: 1992788759918522167, guid: 9ef590773b62b2848943e62d9e4b7ce6,
        type: 3}
      propertyPath: m_AnchorMin.y
      value: 0
      objectReference: {fileID: 0}
    - target: {fileID: 1992788759918522167, guid: 9ef590773b62b2848943e62d9e4b7ce6,
        type: 3}
      propertyPath: m_AnchorMax.x
      value: 0
      objectReference: {fileID: 0}
    - target: {fileID: 1992788759918522167, guid: 9ef590773b62b2848943e62d9e4b7ce6,
        type: 3}
      propertyPath: m_AnchorMax.y
      value: 0
      objectReference: {fileID: 0}
    - target: {fileID: 1992788759918522167, guid: 9ef590773b62b2848943e62d9e4b7ce6,
        type: 3}
      propertyPath: m_Pivot.x
      value: 0.5
      objectReference: {fileID: 0}
    - target: {fileID: 1992788759918522167, guid: 9ef590773b62b2848943e62d9e4b7ce6,
        type: 3}
      propertyPath: m_Pivot.y
      value: 0.5
      objectReference: {fileID: 0}
    - target: {fileID: 1992788759918522167, guid: 9ef590773b62b2848943e62d9e4b7ce6,
        type: 3}
      propertyPath: m_LocalScale.x
      value: 0.0015
      objectReference: {fileID: 0}
    - target: {fileID: 1992788759918522167, guid: 9ef590773b62b2848943e62d9e4b7ce6,
        type: 3}
      propertyPath: m_LocalScale.y
      value: 0.0015
      objectReference: {fileID: 0}
    - target: {fileID: 5561175783575091849, guid: 9ef590773b62b2848943e62d9e4b7ce6,
        type: 3}
      propertyPath: m_Layer
      value: 5
      objectReference: {fileID: 0}
    - target: {fileID: 9207309863723375956, guid: 9ef590773b62b2848943e62d9e4b7ce6,
        type: 3}
      propertyPath: m_Layer
      value: 5
      objectReference: {fileID: 0}
    - target: {fileID: 7310558880232689417, guid: 9ef590773b62b2848943e62d9e4b7ce6,
        type: 3}
      propertyPath: m_Layer
      value: 5
      objectReference: {fileID: 0}
    - target: {fileID: 7262971927824704798, guid: 9ef590773b62b2848943e62d9e4b7ce6,
        type: 3}
      propertyPath: m_Layer
      value: 5
      objectReference: {fileID: 0}
    - target: {fileID: 288575976071279118, guid: 9ef590773b62b2848943e62d9e4b7ce6,
        type: 3}
      propertyPath: m_Layer
      value: 5
      objectReference: {fileID: 0}
    m_RemovedComponents: []
  m_SourcePrefab: {fileID: 100100000, guid: 9ef590773b62b2848943e62d9e4b7ce6, type: 3}
--- !u!224 &1684005257855641877 stripped
RectTransform:
  m_CorrespondingSourceObject: {fileID: 1992788759918522167, guid: 9ef590773b62b2848943e62d9e4b7ce6,
    type: 3}
  m_PrefabInstance: {fileID: 934786153179350562}
  m_PrefabAsset: {fileID: 0}
